<record><leader>00000cas a2200000 a 4500</leader><controlfield tag="001">24833909</controlfield><controlfield tag="008">911121d18821898iluwr ne      0   a0eng c</controlfield><datafield ind1=" " ind2=" " tag="010"><subfield code="a">sn 91054754 </subfield></datafield><datafield ind1=" " ind2=" " tag="040"><subfield code="a">NVF</subfield><subfield code="b">eng</subfield><subfield code="c">NVF</subfield><subfield code="d">OCLCQ</subfield><subfield code="d">NVF</subfield><subfield code="d">OCLCQ</subfield><subfield code="d">OCLCF</subfield><subfield code="d">OCLCO</subfield><subfield code="d">NVF</subfield><subfield code="d">OCLCO</subfield><subfield code="d">OCLCA</subfield></datafield><datafield ind1="1" ind2=" " tag="029"><subfield code="a">AU@</subfield><subfield code="b">000025875464</subfield></datafield><datafield ind1=" " ind2=" " tag="042"><subfield code="a">pcc</subfield></datafield><datafield ind1=" " ind2=" " tag="043"><subfield code="a">n-us-il</subfield></datafield><datafield ind1="0" ind2="0" tag="245"><subfield code="a">Sangamon Valley times.</subfield></datafield><datafield ind1=" " ind2=" " tag="260"><subfield code="a">Chandlerville, Cass County, Ill. :</subfield><subfield code="b">Eb. Spink,</subfield><subfield code="c">1882-1898.</subfield></datafield><datafield ind1=" " ind2=" " tag="300"><subfield code="a">v.</subfield></datafield><datafield ind1=" " ind2=" " tag="310"><subfield code="a">Weekly</subfield></datafield><datafield ind1="0" ind2=" " tag="362"><subfield code="a">Vol. 7, no. 4 (Sept. 15, 1882)-</subfield></datafield><datafield ind1="1" ind2=" " tag="362"><subfield code="a">Ceased in 1898.</subfield></datafield><datafield ind1=" " ind2=" " tag="588"><subfield code="a">Latest issue consulted: Mar. 25, 1898.</subfield></datafield><datafield ind1=" " ind2="0" tag="651"><subfield code="a">Chandlerville (Ill.)</subfield><subfield code="v">Newspapers.</subfield></datafield><datafield ind1=" " ind2="0" tag="651"><subfield code="a">Sangamon Valley (Ill. : Township)</subfield><subfield code="v">Newspapers.</subfield></datafield><datafield ind1=" " ind2="7" tag="651"><subfield code="a">Illinois</subfield><subfield code="z">Chandlerville.</subfield><subfield code="2">fast</subfield><subfield code="0">(OCoLC)fst01266811</subfield></datafield><datafield ind1=" " ind2="7" tag="655"><subfield code="a">Newspapers.</subfield><subfield code="2">fast</subfield><subfield code="0">(OCoLC)fst01423814</subfield></datafield><datafield ind1=" " ind2=" " tag="752"><subfield code="a">United States</subfield><subfield code="b">Illinois</subfield><subfield code="c">Cass County</subfield><subfield code="d">Chandlerville.</subfield></datafield><datafield ind1="0" ind2="0" tag="780"><subfield code="t">Chandlerville independent</subfield><subfield code="w">(DLC)sn 91054753</subfield><subfield code="w">(OCoLC)24833877</subfield></datafield><datafield ind1="0" ind2="0" tag="785"><subfield code="t">Chandlerville times</subfield><subfield code="w">(DLC)sn 91054755</subfield><subfield code="w">(OCoLC)24833941</subfield></datafield></record>